/home/eric/Desktop/mydocs/magar.bib