

@article{samuels.snyder.2001,
  author =        {Samuels, David J. and Snyder, Richard},
  journal =       {British Journal of Political Science},
  number =        {4},
  pages =         {651--71},
  title =         {The Value of a Vote: Malapportionment in Comparative
                   Perspective},
  volume =        {31},
  year =          {2001},
}

@article{amesMex.1970,
  author =        {Ames, Barry},
  journal =       {American Political Science Review},
  number =        {1},
  pages =         {153--87},
  title =         {Bases of support for Mexico's dominant party},
  volume =        {64},
  year =          {1970},
}

@phdthesis{magar.1994,
  author =        {Magar, Eric},
  school =        {Instituto Tecnol\'ogico Aut\'onomo de M\'exico},
  type =          {{BA}. thesis},
  title =         {Elecciones municipales en el norte de M\'exico,
                   1970--1993: Bases de apoyo partidistas y alineaciones
                   electorales},
  year =          {1994},
}

@article{magar.etal.bias.2015,
  author =        {Magar, Eric and Trelles, Alejandro and Altman, Micah and
                   McDonald, Michael P.},
  journal =       {Working paper},
  number =        {University of Pittsburgh},
  title =         {The effects of malapportionment, turnout and gerrymandering in Mexico's mixed-member system},
  year =          {2015},
}


@incollection{lujambio.vives.2008,
  address =       {Oxford},
  author =        {Lujambio, Alonso and Vives Segl, Horacio},
  booktitle =     {Redistricting in Comparative Perspective},
  editor =        {Handley, Lisa and Grofman, Bernard},
  publisher =     {Oxford University Press},
  title =         {From politics to technicalities: Mexican
                   redistricting in historical perspective},
  year =          {2008},
}

@phdthesis{trelles.mtz.tesisItam.2007,
  author =        {Trelles, Alejandro and Mart\'inez, Diego},
  school =        {ITAM},
  type =          {BA. thesis},
  title =         {Fronteras electorales: aportaciones del modelo de
                   redistritaci\'on mexicano al estado de California},
  year =          {2008},
}

@article{trelles.datosabiertos.2015,
  author =        {Trelles, Alejandro and Altman, Micah and Magar, Eric and
                   McDonald, Michael P.},
  journal =       {Politica y Gobierno},
  number =        {Under review. Available at SSRN},
  title =         {Datos abiertos, representación política y redistritación en México},
  year =          {2015},
}

@misc{acuerdo.ife.2004,
  author =        {Instituto Federal Electoral},
  howpublished =  {Acuerdo del Consejo General del IFE CG104/2004},
  title =         {Acuerdo del Consejo General del Instituto Federal Electoral por el que se aprueban los criterios y consideraciones operativas que se utilizar\'an en la formulación de los proyectos de divisi\'on del territorio nacional en trescientos distritos electorales federales uninominales, así como la creación del Comit\'e T\'ecnico para el seguimiento y evaluaci\'on de los trabajos de distritaci\'on},
  year =          {2004},
}

@misc{acuerdo.ine.2013,
  author =        {Instituto Federal Electoral},
  howpublished =  {Acuerdo del Consejo General del IFE CG50/2014},
  title =         {Acuerdo del Consejo General del IFE por el que se aprueba la propuesta de criterios que se utilizar\'an para formular los estudios y proyectos para la divisi\'on del territorio en 300 distritos electorales uninominales federales, a propuesta de la Junta General Eejecutiva},
  year =          {2013},
}

@misc{memorias.ife.2005,
  author =        {Instituto Federal Electoral},
  howpublished =  {Registro Federal de Electores. Primera edici\'on},
  title =         {Distritación 2004-2005: Camino para la democracia},
  year =          {2005},
}

@misc{ine.modelo.2015,
  author =        {Instituto Nacional Electoral},
  howpublished =  {Registro Federal de Electores},
  title =         {Modelo Matem\'atico y Algor\'itmos},
  year =          {2015},
}


@book{cox.katz.2002,
  address =       {New York},
  author =        {Cox, Gary W. and Katz, Jonathan N.},
  publisher =     {Cambridge University Press},
  title =         {Elbridge {G}erry's Salamander: The Electoral
                   Consequences of the Reapportionment Revolution},
  year =          {2002},
}

@incollection{snyder.samuelsMalapp2004,
  address =       {Washington, DC},
  author =        {Snyder, Richard and Samuels, David J.},
  booktitle =     {Federalism and Democracy in Latin America},
  editor =        {Gibson, Edward L.},
  publisher =     {Johns Hopkins University Press},
  title =         {Legislative malapportionment in Latin America},
  year =          {2004},
}

@book{szpiro.numbersRule.2010,
  address =       {Princeton NJ},
  author =        {Szpiro, George G.},
  publisher =     {Princeton University Press},
  title =         {Numbers Rule: The Vexing Mathematics of Democracy
                   from Plato to the Present},
  year =          {2010},
}

@article{balinski.rodriguez.1996,
  author =        {Balinski, Michel and
                   Ram\'irez Gonz\'alez, Victoriano},
  journal =       {Electoral Studies},
  number =        {2},
  pages =         {203--17},
  title =         {A case study of electoral manipulation: The Mexican
                   laws of 1989 and 1994},
  volume =        {15},
  year =          {1996},
}

@book{balinskiYoung2001FairRep,
  address =       {Washington D.C.},
  author =        {Balinski, Michel L. and Young, H. Peyton},
  edition =       {$2^{nd}$},
  publisher =     {Brookings},
  title =         {Fair representation: Meeting the ideal of one man,
                   one vote},
  year =          {2001},
}

@article{tuckerApportionment.1985,
  author =        {Tucker, Harvey J},
  journal =       {Political Geography Quarterly},
  number =        {1},
  pages =         {19--28},
  title =         {State legislative apportionment: legal principles in
                   empirical perspective},
  volume =        {4},
  year =          {1985},
}

@article{taagepera.CubeLaw.1973,
  author =        {Taagepera, Rein},
  journal =       {Social Science Research},
  number =        {3},
  pages =         {257--75},
  title =         {Seats and Votes: A generalization of the cube law of
                   elections},
  volume =        {2},
  year =          {1973},
}

@article{estevez.magar.rosas.2008,
  author =        {Est\'evez, Federico and Magar, Eric and
                   Rosas, Guillermo},
  journal =       {Electoral Studies},
  number =        {2},
  pages =         {257--71},
  title =         {Partisanship in Non-Partisan Electoral Agencies and
                   Democratic Compliance: Evidence from {M}exico's
                   {F}ederal {E}lectoral {I}nstitute},
  volume =        {27},
  year =          {2008},
}

@article{altman.mcdonald2011bard,
  author =        {Altman, Micah and McDonald, Michael P.},
  journal =       {Journal of Statistical Software},
  number =        {4},
  pages =         {1--28},
  title =         {BARD: Better Automated Redistricting},
  volume =        {42},
  year =          {2011},
  url =           {http://www.jstatsoft.org},
}

@article{engstrom2006redisttrictApsr,
  author =        {Engstrom, Erik J},
  journal =       {American Political Science Review},
  number =        {3},
  pages =         {419--427},
  publisher =     {Cambridge Univ Press},
  title =         {Stacking the states, stacking the House: The partisan
                   consequences of congressional redistricting in the
                   19th century},
  volume =        {100},
  year =          {2006},
}

@article{rossiter.etal.1997,
  author =        {Rossiter, D.J. and Johnston, R.J. and Pattie, C.J.},
  journal =       {British Journal of Political Science},
  month =         {April},
  number =        {2},
  pages =         {319--31},
  title =         {Estimating the Partisan Impact of Redistricting in
                   {G}reat {B}ritain},
  volume =        {27},
  year =          {1997},
}

@article{king.1990elRespBiasMultiparty,
  author =        {King, Gary},
  journal =       {Legislative Studies Quarterly},
  number =        {2},
  pages =         {159--181},
  title =         {Electoral responsiveness and partisan bias in
                   multiparty democracies},
  volume =        {15},
  year =          {1990},
}

@phdthesis{otero.2003,
  author =        {Otero, Jimena},
  howpublished =  {Thesis, ITAM},
  school =        {Instituto Tecnol\'ogico Aut\'onomo de M\'exico},
  title =         {?`Gerrymandering en M\'exico? La geograf\'ia
                   pol\'itica federal, 1994--1997},
  year =          {2003},
}

@article{tufte1973seatsVotes,
  author =        {Tufte, Edward R.},
  journal =       {American Political Science Review},
  pages =         {540--554},
  title =         {The relationship between seats and votes in two-party
                   systems},
  volume =        {67},
  year =          {1973},
}

@article{king.browning1987biasRespUS,
  author =        {King, Gary and Browning, Robert X.},
  journal =       {American Political Science Review},
  number =        {4},
  pages =         {1251--1273},
  title =         {Democratic representation and partisan bias in
                   congressional elections},
  volume =        {81},
  year =          {1987},
}

@article{calvo.micozzi.govReform.2005,
  author =        {Calvo, Ernesto and Micozzi, Juan Pablo},
  journal =       {The Journal of Politics},
  number =        {4},
  pages =         {1050--74},
  title =         {The Governor's Backyard: A Seat-Vote Model of
                   Electoral Reform for Subnational Multiparty Races},
  volume =        {67},
  year =          {2005},
}

@article{jackman.2000,
  author =        {Jackman, Simon},
  journal =       {American Journal of Political Science},
  number =        {2},
  pages =         {375--404},
  title =         {Estimation and Inference via {B}ayesian Simulation:
                   An Introduction to {M}arkov {C}hain {M}onte {C}arlo},
  volume =        {44},
  year =          {2000},
}

@inproceedings{jags.cite,
  address =       {Vienna, Austria},
  author =        {Plummer, Martyn},
  booktitle =     {Proceedings of the 3rd International Workshop on
                   Distributed Statistical Computing},
  journal =       {Proceedings of the 3rd International Workshop on
                   Distributed Statistical Computing},
  month =         {March 20â-22},
  title =         {JAGS: A Program for Analysis of Bayesian Graphical
                   Models Using Gibbs Sampling},
  year =          {2003},
  url =           {http://www.ci.tuwien.ac.at/Conferences/DSC-2003},
}

@misc{r.cite,
  address =       {Vienna, Austria},
  author =        {{R Dev.\ Core Team}},
  howpublished =  {R Foundation for Statistical Computing
                   \url{http://www.R-project.org}},
  title =         {R: A Language and Environment for Statistical
                   Computing},
  year =          {2011},
}

@manual{r.r2jags,
  author =        {Yu-Sung Su and Masanao Yajima},
  note =          {R package version 0.03-08},
  title =         {R2jags: A Package for Running jags from R},
  year =          {2012},
  url =           {http://CRAN.R-project.org/package=R2jags},
}

@article{mayhew1974vanishingMg,
  author =        {Mayhew, David R},
  journal =       {Polity},
  pages =         {295--317},
  title =         {Congressional elections: The case of the vanishing
                   marginals},
  year =          {1974},
}

@article{loosemore.hanbyDisproportionality1971,
  author =        {Loosemore, John and Hanby, Victor J.},
  journal =       {British Journal of Political Science},
  number =        {4},
  pages =         {467--77},
  title =         {The Theoretical Limits of Maximal Distorsion: Some
                   Analytic Expressions for Electoral Systems},
  volume =        {1},
  year =          {1971},
}

@article{gallagherDisproportionality1991,
  author =        {Gallagher, Michael},
  journal =       {Electoral Studies},
  number =        {1},
  pages =         {33--51},
  title =         {Proportionality, Disproportionality, and Electoral
                   Systems},
  volume =        {10},
  year =          {1991},
}

@incollection{magar.2007ref.2015,
  address =       {Washington, DC},
  author =        {Magar, Eric},
  booktitle =     {Mexico's Evolving Democracy: A Comparative Study of
                   the 2012 Elections},
  editor =        {Dom\'inguez, Jorge I. and Greene, Kenneth G. and
                   Lawson, Chappell and Moreno, Alejandro},
  pages =         {63--85},
  publisher =     {Johns Hopkins University Press},
  title =         {The electoral institutions: party subsidies, campaign
                   decency, and entry barriers},
  year =          {2015},
}

