

@article{mayhew1974vanishingMg,
  author =        {Mayhew, David R},
  journal =       {Polity},
  pages =         {295--317},
  title =         {Congressional elections: The case of the vanishing
                   marginals},
  year =          {1974},
}

@book{cox.katz.2002,
  address =       {New York},
  author =        {Cox, Gary W. and Katz, Jonathan N.},
  publisher =     {Cambridge University Press},
  title =         {Elbridge {G}erry's Salamander: The Electoral
                   Consequences of the Reapportionment Revolution},
  year =          {2002},
}

@article{erikson1972malapportionment,
  author =        {Erikson, Robert S},
  journal =       {The American Political Science Review},
  number =        {4},
  pages =         {1234--1245},
  title =         {Malapportionment, gerrymandering, and party fortunes
                   in congressional elections},
  volume =        {66},
  year =          {1972},
}

@article{engstrom2006redisttrictApsr,
  author =        {Engstrom, Erik J},
  journal =       {American Political Science Review},
  number =        {3},
  pages =         {419--427},
  publisher =     {Cambridge Univ Press},
  title =         {Stacking the states, stacking the House: The partisan
                   consequences of congressional redistricting in the
                   19th century},
  volume =        {100},
  year =          {2006},
}

@article{mcdonald.CommVsLegisRedistrict2004,
  author =        {McDonald, Michael P.},
  journal =       {State Politics and Policy Quarterly},
  number =        {4},
  pages =         {371--95},
  title =         {A comparative analysis of redistricting institutions
                   in the United States, 2001--02},
  volume =        {4},
  year =          {2004},
}

@article{trelles.mtz.polygob2012,
  author =        {Trelles, Alejandro and Mart\'inez, Diego},
  journal =       {Pol\'itica y Gobierno},
  number =        {2},
  pages =         {199--241},
  title =         {Fronteras electorales: lecciones de la
                   redistritaci\'on en {M\'exico} para {California}},
  volume =        {19},
  year =          {2012},
}

@incollection{lujambio.vives.2008,
  address =       {Oxford},
  author =        {Lujambio, Alonso and Vives, Horacio},
  booktitle =     {Redistricting in Comparative Perspective},
  editor =        {Handley, Lisa and Grofman, Bernard},
  publisher =     {Oxford University Press},
  title =         {From politics to technicalities: Mexican
                   redistricting in historical perspective},
  year =          {2008},
}

@article{lijphart.1990,
  author =        {Lijphart, Arend},
  journal =       {American Political Science Review},
  number =        {2},
  pages =         {481--96},
  title =         {The Political Consequences of Electoral Laws,
                   1945--85},
  volume =        {84},
  year =          {1990},
}

@article{rossiter.etal.1997,
  author =        {Rossiter, D.J. and Johnston, R.J. and Pattie, C.J.},
  journal =       {British Journal of Political Science},
  month =         {April},
  number =        {2},
  pages =         {319--31},
  title =         {Estimating the Partisan Impact of Redistricting in
                   {G}reat {B}ritain},
  volume =        {27},
  year =          {1997},
}

@article{estevez.magar.rosas.2008,
  author =        {Est\'evez, Federico and Magar, Eric and
                   Rosas, Guillermo},
  journal =       {Electoral Studies},
  number =        {2},
  pages =         {257--71},
  title =         {Partisanship in Non-Partisan Electoral Agencies and
                   Democratic Compliance: Evidence from {Mexico}'s
                   {F}ederal {E}lectoral {I}nstitute},
  volume =        {27},
  year =          {2008},
}

@book{parker.1990,
  address =       {Chapel Hill},
  author =        {Parker, Frank},
  publisher =     {University of North Carolina Press},
  title =         {Black Votes Count},
  year =          {1990},
}

@phdthesis{trelles.mtz.tesisItam.2007,
  author =        {Trelles, Alejandro and Mart\'inez, Diego},
  school =        {ITAM},
  type =          {BA. thesis},
  title =         {Fronteras electorales: aportaciones del modelo de
                   redistritaci\'on mexicano al estado de {California}},
  year =          {2008},
}

@article{trelles.datosabiertos.2015,
  author =        {Trelles, Alejandro and Altman, Micah and Magar, Eric and
                   McDonald, Michael P.},
  journal =       {under review, available at SSRN},
  title =         {Datos abiertos, representaci\'on pol\'itica y
                   redistritaci\'on en M\'exico},
  year =          {2015},
}

@misc{acuerdoife2013,
  address =       {Mexico City},
  author =        {{IFE}},
  howpublished =  {CG50/2013
  \url{http://www.ine.mx/docs/IFE-v2/DERFE/DERFE-CNV/2013/Redistritacion/CGe60213ap4.pdf}},
  title =         {Acuerdo del Consejo General del IFE para aprobar los
                   criterios que se usar\'an en la creaci\'on de 300
                   distritos federales uninominales en que se divide el
                   territorio nacional},
  year =          {2013},
}

@book{szpiro.numbersRule.2010,
  address =       {Princeton NJ},
  author =        {Szpiro, George G.},
  publisher =     {Princeton University Press},
  title =         {Numbers Rule: The Vexing Mathematics of Democracy
                   from Plato to the Present},
  year =          {2010},
}

@article{balinski.rodriguez.1996,
  author =        {Balinski, Michel L. and Ram\'irez Gonz\'alez, Victoriano},
  journal =       {Electoral Studies},
  number =        {2},
  pages =         {203--17},
  title =         {A case study of electoral manipulation: The Mexican
                   laws of 1989 and 1994},
  volume =        {15},
  year =          {1996},
}

@book{balinskiYoung2001FairRep,
  address =       {Washington D.C.},
  author =        {Balinski, Michel L. and Young, H. Peyton},
  edition =       {$2^{nd}$},
  publisher =     {Brookings},
  title =         {Fair representation: Meeting the ideal of one man,
                   one vote},
  year =          {2001},
}

@misc{magar.etalBiasMultiParty2015,
  author =        {Magar, Eric and Trelles, Alejandro and Altman, Micah and
                   McDonald, Michael P.},
  howpublished =  {Typescript, ITAM},
  title =         {Measuring malapportionment, gerrymander, and turnout
                   effects in multi-party systems},
  year =          {2015},
}

@article{tuckerApportionment.1985,
  author =        {Tucker, Harvey J},
  journal =       {Political Geography Quarterly},
  number =        {1},
  pages =         {19--28},
  title =         {State legislative apportionment: legal principles in
                   empirical perspective},
  volume =        {4},
  year =          {1985},
}

@article{altman.mcdonald2011bard,
  author =        {Altman, Micah and McDonald, Michael P.},
  journal =       {Journal of Statistical Software},
  number =        {4},
  pages =         {1--28},
  title =         {BARD: Better Automated Redistricting},
  volume =        {42},
  year =          {2011},
  url =           {\url{http://www.jstatsoft.org}},
}

@article{loosemore.hanbyDisproportionality1971,
  author =        {Loosemore, John and Hanby, Victor J.},
  journal =       {British Journal of Political Science},
  number =        {4},
  pages =         {467--77},
  title =         {The Theoretical Limits of Maximal Distorsion: Some
                   Analytic Expressions for Electoral Systems},
  volume =        {1},
  year =          {1971},
}

@article{gallagherDisproportionality1991,
  author =        {Gallagher, Michael},
  journal =       {Electoral Studies},
  number =        {1},
  pages =         {33--51},
  title =         {Proportionality, Disproportionality, and Electoral
                   Systems},
  volume =        {10},
  year =          {1991},
}

@incollection{magar.2007ref.2015,
  address =       {Washington, DC},
  author =        {Magar, Eric},
  booktitle =     {Mexico's Evolving Democracy: A Comparative Study of
                   the 2012 Elections},
  editor =        {Dom\'inguez, Jorge I. and Greene, Kenneth G. and
                   Lawson, Chappell and Moreno, Alejandro},
  pages =         {63--85},
  publisher =     {Johns Hopkins University Press},
  title =         {The electoral institutions: party subsidies, campaign
                   decency, and entry barriers},
  year =          {2015},
}

@misc{ine.modelo.2015,
  author =        {{INE}},
  howpublished =  {Registro Federal de Electores},
  title =         {Modelo Matem\'atico y Algor\'itmos},
  year =          {2015},
}

@misc{memorias.ife.2005,
  author =        {{IFE}},
  howpublished =  {Registro Federal de Electores. Primera edici\'on},
  title =         {Distritaci\'on 2004--2005: Camino para la democracia},
  year =          {2005},
}

@misc{acuerdo.ife.2013,
  author =        {{IFE}},
  howpublished =  {Acuerdo del Consejo General del IFE CG50/2014},
  title =         {Acuerdo del Consejo General por el que se aprueba la propuesta de criterios que se utilizar\'an para formular los estudios y proyectos para la divisi\'on del territorio en 300 distritos electorales uninominales federales, a propuesta de la Junta General Eejecutiva},
  year =          {2013},
}

@misc{acuerdo.ife.2004,
  author =        {{IFE}},
  howpublished =  {Acuerdo del Consejo General del IFE CG104/2004},
  title =         {Acuerdo del Consejo General del Instituto Federal Electoral por el que se aprueban los criterios y consideraciones operativas que se utilizar\'an en la formulaci\'on de los proyectos de divisi\'on del territorio nacional en trescientos distritos electorales federales uninominales, as\'i como la creaci\'on del Comit\'e T\'ecnico para el seguimiento y evaluaci\'on de los trabajos de distritaci\'on},
  year =          {2004},
}

@article{palacios.tiradoCircPluris2009,
	author = "Palacios Mora, Celia and Tirado Cervantes, Erubiel",
	title = "Circunscripciones electorales plurinominales: configuraci\'on geogr\'afica y equilibrio poblacional, 1977--2007",
	journal = "Investigaciones Geogr\'aficas, Bolet\'in del Instituto de Geograf\'ia, UNAM",
	volume = 68,
	pages = "102--15",
	year = 2009
}

@article{allen2014credit,
	title={Credit where credit is due},
	author={Allen, Liz and Brand, Amy and Scott, Jo and Altman, Micah and Hlava, Marjorie},
	journal={Nature},
	volume={508},
	number={7496},
	pages={312--313},
	year={2014},
	publisher={Macmillan Publishers Ltd., London, England}
}

